<?xml version="1.0" encoding="UTF-8"?><collection xmlns="http://www.loc.gov/MARC21/slim"><record><leader>00413nam--2200121-i-4500</leader><controlfield tag="001">000001894</controlfield><controlfield tag="002">20161230</controlfield><controlfield tag="005">20161230201024</controlfield><controlfield tag="008">060222s1000------------r-----000-0-eng-d</controlfield><datafield ind1=" " ind2=" " tag="100"><subfield code="a">Goldberg, Joseph</subfield></datafield><datafield ind1=" " ind2=" " tag="245"><subfield code="a">Sur l utilisation des metriques indefinies pour la determination des propagateurs en theorie quatique des champs.these</subfield></datafield><datafield ind1=" " ind2=" " tag="260"><subfield code="a">Lyon, La Faculte Des Sciences De L Universite, 1965. 27 P</subfield></datafield><datafield ind1=" " ind2=" " tag="852"><subfield code="a">21590</subfield></datafield></record></collection>